<?xml version="1.0" encoding="UTF-8"?><collection xmlns="http://www.loc.gov/MARC21/slim"><record><leader>00425nam--2200133-i-4500</leader><controlfield tag="001">000010687</controlfield><controlfield tag="002">20161230</controlfield><controlfield tag="005">20161230201028</controlfield><controlfield tag="008">060222s1000------------r-----000-0-eng-d</controlfield><datafield ind1=" " ind2=" " tag="080"><subfield code="a">546.41. 612.O15.3. 015</subfield></datafield><datafield ind1=" " ind2=" " tag="100"><subfield code="a">Brismar, Tom</subfield></datafield><datafield ind1=" " ind2=" " tag="245"><subfield code="a">Effects of calcium and ionic concentration on permeabolity properties of nodal membrane in myelinated nerve fibres of xenopus laevis</subfield></datafield><datafield ind1=" " ind2=" " tag="260"><subfield code="a">Stockholm, 1972 16 P</subfield></datafield><datafield ind1=" " ind2=" " tag="852"><subfield code="a">39036</subfield></datafield></record></collection>